@misc{tank-detect_dataset,
    title = {tank-detect Dataset},
    type = {Open Source Dataset},
    author = {tank},
    howpublished = {\url{https://universe.roboflow.com/tank-kbbhk/tank-detect}},
    url = {https://universe.roboflow.com/tank-kbbhk/tank-detect},
    journal = {Roboflow Universe},
    publisher = {Roboflow},
    year = {2023},
    month = {Aug},
    note = {Visited on 2023-11-23},
}